%% This BibTeX bibliography file was created using BibDesk.
%% http://bibdesk.sourceforge.net/


%% Created for Spencer Smith at 2016-10-27 23:57:04 -0400 


%% Saved with string encoding Unicode (UTF-8) 


@inproceedings{Parnas1978,
	Address = {Piscataway, NJ, USA},
	Author = {David L. Parnas},
	Booktitle = {ICSE '78: Proceedings of the 3rd international conference on Software engineering},
	Date-Added = {2016-10-28 03:56:16 +0000},
	Date-Modified = {2016-10-28 03:56:16 +0000},
	Isbn = {none},
	Location = {Atlanta, Georgia, United States},
	Pages = {264--277},
	Publisher = {IEEE Press},
	Title = {Designing Software for Ease of Extension and Contraction},
	Year = {1978}}

@article{Parnas1972a,
	Author = {David L. Parnas},
	Date-Added = {2016-10-28 03:55:43 +0000},
	Date-Modified = {2016-10-28 03:55:43 +0000},
	Journal = {Comm. ACM},
	Month = {December},
	Number = {2},
	Pages = {1053--1058},
	Title = {On the Criteria To Be Used in Decomposing Systems into Modules},
	Volume = {15},
	Year = {1972}}

@inproceedings{ParnasEtAl1984,
	Author = {D.L. Parnas and P.C. Clement and D. M. Weiss},
	Booktitle = {International Conference on Software Engineering},
	Date-Added = {2016-10-28 03:55:23 +0000},
	Date-Modified = {2016-10-28 03:55:23 +0000},
	Pages = {408-419},
	Title = {The modular structure of complex systems},
	Year = {1984}}

@book{RobertsonAndRobertson2012,
	Author = {James Robertson and Suzanne Robertson},
	Date-Added = {2016-09-22 13:54:40 +0000},
	Date-Modified = {2016-09-22 14:01:42 +0000},
	Edition = {16},
	Publisher = {Atlantic Systems Guild Limited},
	Title = {Volere Requirements Specification Template},
	Year = {2012}}

@misc {Website:1,
	Howpublished = "\url{https://gitlab.cas.mcmaster.ca/khans126/IRS_Space_Shooter/blob/PS-Rev.0/Doc/Design/MG/MG.pdf}",
	Author = "A. Bokhari",
	Title = "SE 3XA3: Software Requirements Specification",
	MONTH = "November",
	Year = "2018",
	Note = "Accessed on 2018-09-25",
	}
	
@article{ParnasAndClements1986,
	Author = {David L. Parnas and P.C. Clements},
	Date-Added = {2016-09-10 13:11:57 +0000},
	Date-Modified = {2016-09-10 13:11:57 +0000},
	Journal = {IEEE Transactions on Software Engineering},
	Number = {2},
	Pages = {251--257},
	Title = {A Rational Design Process: How and Why to Fake it},
	Volume = {12},
	Year = {February 1986}}
